<?xml version="1.0" encoding="UTF-8"?><collection xmlns="http://www.loc.gov/MARC21/slim"><record><leader>00349nam--2200133-i-4500</leader><controlfield tag="001">000049338</controlfield><controlfield tag="002">20161230</controlfield><controlfield tag="005">20161230201047</controlfield><controlfield tag="008">060222s1000------------r-----000-0-eng-d</controlfield><datafield ind1=" " ind2=" " tag="100"><subfield code="a">Paszkowski, S</subfield></datafield><datafield ind1=" " ind2=" " tag="245"><subfield code="a">On approximation with nodes</subfield></datafield><datafield ind1=" " ind2=" " tag="260"><subfield code="a">Warszawa, Panstwowe Wydawnictwo Naukowe, 1957, 61p</subfield></datafield><datafield ind1=" " ind2=" " tag="490"><subfield code="a">Rozprawy Matematyczne</subfield></datafield><datafield ind1=" " ind2=" " tag="852"><subfield code="a">7385</subfield></datafield></record></collection>